<?xml version="1.0" encoding="UTF-8"?><collection xmlns="http://www.loc.gov/MARC21/slim"><record><leader>00492nam--2200181-i-4500</leader><controlfield tag="001">000046819</controlfield><controlfield tag="002">20161230</controlfield><controlfield tag="005">20161230201046</controlfield><controlfield tag="008">060222s1000------------r-----000-0-ger-d</controlfield><datafield ind1=" " ind2=" " tag="040"><subfield code="a">IFIN-HH</subfield></datafield><datafield ind1=" " ind2=" " tag="041"><subfield code="a">ger</subfield></datafield><datafield ind1=" " ind2=" " tag="080"><subfield code="a">53.08</subfield></datafield><datafield ind1="1" ind2=" " tag="100"><subfield code="a">Wallot, Julius</subfield></datafield><datafield ind1="1" ind2="0" tag="245"><subfield code="a">Grossengleichungen einheiten und dimensionen. 2., verbesserte auflage</subfield><subfield code="c">Julius wallot</subfield></datafield><datafield ind1=" " ind2=" " tag="260"><subfield code="a">Verlag</subfield><subfield code="b">Johann Ambrosius Barth</subfield><subfield code="c">1957</subfield></datafield><datafield ind1=" " ind2=" " tag="300"><subfield code="a">XII+220P</subfield></datafield><datafield ind1=" " ind2=" " tag="852"><subfield code="a">76053</subfield><subfield code="c">53.08</subfield></datafield><datafield ind1=" " ind2=" " tag="CAT"><subfield code="a">Sys</subfield><subfield code="c">20151029</subfield><subfield code="h">133852</subfield></datafield></record></collection>